@article{gehrung14,
 author = {Joachim Gehrung},
 title = {Probabilistische Szenenerkennung durch hierarchische Constellation Models über räumliche Relationen aus demonstrierten Objekttrajektorien},
 year = {2014},
 pages = {5-63},
 url = {http://www.aaai.org/ojs/index.php/aimagazine/article/view/1029},
}

@article{davis93,
 author = {Randall Davis and Howard Shrobe and Peter Szolovits},
 title = {What is a Knowledge Representation?},
 journal = {AI Magazine},
 year = {1993},
 volume = {14},
 number = {1},
 pages = {17--33},
 publisher = {AAAI Press},
 url = {http://www.aaai.org/ojs/index.php/aimagazine/article/view/1029},
}


